<record><leader>00000cas a2200000 a 4500</leader><controlfield tag="001">17347829</controlfield><controlfield tag="008">880114d19uu1955waudn ne      0    0eng d</controlfield><datafield ind1=" " ind2=" " tag="010"><subfield code="a">sn 88085194 </subfield></datafield><datafield ind1=" " ind2=" " tag="040"><subfield code="a">SLZ</subfield><subfield code="b">eng</subfield><subfield code="c">SLZ</subfield><subfield code="d">NSD</subfield><subfield code="d">OCL</subfield><subfield code="d">OCLCQ</subfield><subfield code="d">OCLCF</subfield><subfield code="d">OCLCO</subfield></datafield><datafield ind1="1" ind2=" " tag="029"><subfield code="a">AU@</subfield><subfield code="b">000025812182</subfield></datafield><datafield ind1=" " ind2=" " tag="042"><subfield code="a">msc</subfield></datafield><datafield ind1=" " ind2=" " tag="043"><subfield code="a">n-us-wa</subfield></datafield><datafield ind1="0" ind2="0" tag="245"><subfield code="a">Mount Vernon daily herald.</subfield></datafield><datafield ind1=" " ind2=" " tag="260"><subfield code="a">Mount Vernon, Wash. :</subfield><subfield code="b">Herald Pub. Co.</subfield></datafield><datafield ind1=" " ind2=" " tag="300"><subfield code="a">v.</subfield></datafield><datafield ind1=" " ind2=" " tag="310"><subfield code="a">Daily (except Sunday and holidays)</subfield></datafield><datafield ind1="0" ind2=" " tag="362"><subfield code="a">Vol. 1, no. 1 (Oct. 10, 1922)-v. 34, no. 67 (Dec. 31, 1955).</subfield></datafield><datafield ind1=" " ind2=" " tag="588"><subfield code="a">Description based on: 1st yr., no. 95 (Feb. 1, 1923).</subfield></datafield><datafield ind1=" " ind2="0" tag="651"><subfield code="a">Mount Vernon (Wash.)</subfield><subfield code="v">Newspapers.</subfield></datafield><datafield ind1=" " ind2="7" tag="655"><subfield code="a">Newspapers.</subfield><subfield code="2">fast</subfield><subfield code="0">(OCoLC)fst01423814</subfield></datafield><datafield ind1=" " ind2="7" tag="651"><subfield code="a">Washington (State)</subfield><subfield code="z">Mount Vernon.</subfield><subfield code="2">fast</subfield><subfield code="0">(OCoLC)fst01213979</subfield></datafield><datafield ind1=" " ind2=" " tag="752"><subfield code="a">United States</subfield><subfield code="b">Washington</subfield><subfield code="c">Skagit</subfield><subfield code="d">Mount Vernon.</subfield></datafield><datafield ind1="0" ind2="0" tag="780"><subfield code="t">Mount Vernon herald</subfield><subfield code="w">(DLC)sn 88085192</subfield></datafield><datafield ind1="0" ind2="0" tag="785"><subfield code="t">Skagit Valley herald</subfield><subfield code="x">1071-197X</subfield><subfield code="w">(DLC)sn 88085193</subfield></datafield></record>